%YAML 1.1
%TAG !u! tag:unity3d.com,2011:
--- !u!1 &4137844917724926017
GameObject:
  m_ObjectHideFlags: 0
  m_CorrespondingSourceObject: {fileID: 0}
  m_PrefabInstance: {fileID: 0}
  m_PrefabAsset: {fileID: 0}
  serializedVersion: 6
  m_Component:
  - component: {fileID: 4137844917724926019}
  - component: {fileID: 4137844917724926018}
  m_Layer: 0
  m_Name: Station
  m_TagString: Untagged
  m_Icon: {fileID: 0}
  m_NavMeshLayer: 0
  m_StaticEditorFlags: 0
  m_IsActive: 1
--- !u!4 &4137844917724926019
Transform:
  m_ObjectHideFlags: 0
  m_CorrespondingSourceObject: {fileID: 0}
  m_PrefabInstance: {fileID: 0}
  m_PrefabAsset: {fileID: 0}
  m_GameObject: {fileID: 4137844917724926017}
  m_LocalRotation: {x: 0, y: 0, z: 0, w: 1}
  m_LocalPosition: {x: 0, y: 0, z: 0}
  m_LocalScale: {x: 100, y: 100, z: 100}
  m_Children:
  - {fileID: 4137844919122863315}
  - {fileID: 4137844918215299578}
  - {fileID: 4137844919619969293}
  - {fileID: 4137844918609283675}
  - {fileID: 4137844919189684483}
  m_Father: {fileID: 0}
  m_RootOrder: 0
  m_LocalEulerAnglesHint: {x: 0, y: 0, z: 0}
--- !u!205 &4137844917724926018
LODGroup:
  m_ObjectHideFlags: 0
  m_CorrespondingSourceObject: {fileID: 0}
  m_PrefabInstance: {fileID: 0}
  m_PrefabAsset: {fileID: 0}
  m_GameObject: {fileID: 4137844917724926017}
  serializedVersion: 2
  m_LocalReferencePoint: {x: 0.009865284, y: 0.048666656, z: 0}
  m_Size: 20.259346
  m_FadeMode: 0
  m_AnimateCrossFading: 0
  m_LastLODIsBillboard: 0
  m_LODs:
  - screenRelativeHeight: 0.6
    fadeTransitionWidth: 0
    renderers:
    - renderer: {fileID: 4137844919120963123}
    - renderer: {fileID: 4137844918213530394}
  - screenRelativeHeight: 0.009365267
    fadeTransitionWidth: 0
    renderers:
    - renderer: {fileID: 4137844919622394861}
  - screenRelativeHeight: 0.009365267
    fadeTransitionWidth: 0
    renderers: []
  m_Enabled: 1
--- !u!1 &4137844918609283674
GameObject:
  m_ObjectHideFlags: 0
  m_CorrespondingSourceObject: {fileID: 0}
  m_PrefabInstance: {fileID: 0}
  m_PrefabAsset: {fileID: 0}
  serializedVersion: 6
  m_Component:
  - component: {fileID: 4137844918609283675}
  - component: {fileID: 4137844918609283677}
  m_Layer: 0
  m_Name: Collision
  m_TagString: Untagged
  m_Icon: {fileID: 0}
  m_NavMeshLayer: 0
  m_StaticEditorFlags: 0
  m_IsActive: 1
--- !u!4 &4137844918609283675
Transform:
  m_ObjectHideFlags: 0
  m_CorrespondingSourceObject: {fileID: 0}
  m_PrefabInstance: {fileID: 0}
  m_PrefabAsset: {fileID: 0}
  m_GameObject: {fileID: 4137844918609283674}
  m_LocalRotation: {x: 0, y: 0, z: 0, w: 1}
  m_LocalPosition: {x: 0, y: 0, z: 0}
  m_LocalScale: {x: 1.02, y: 1.02, z: 1.02}
  m_Children: []
  m_Father: {fileID: 4137844917724926019}
  m_RootOrder: 3
  m_LocalEulerAnglesHint: {x: 0, y: 0, z: 0}
--- !u!64 &4137844918609283677
MeshCollider:
  m_ObjectHideFlags: 0
  m_CorrespondingSourceObject: {fileID: 0}
  m_PrefabInstance: {fileID: 0}
  m_PrefabAsset: {fileID: 0}
  m_GameObject: {fileID: 4137844918609283674}
  m_Material: {fileID: 0}
  m_IsTrigger: 0
  m_Enabled: 1
  serializedVersion: 3
  m_Convex: 0
  m_CookingOptions: 14
  m_Mesh: {fileID: 4300000, guid: 8350bc68215edbc4ea05bd533c36c912, type: 3}
--- !u!1 &4137844919189684482
GameObject:
  m_ObjectHideFlags: 0
  m_CorrespondingSourceObject: {fileID: 0}
  m_PrefabInstance: {fileID: 0}
  m_PrefabAsset: {fileID: 0}
  serializedVersion: 6
  m_Component:
  - component: {fileID: 4137844919189684483}
  m_Layer: 0
  m_Name: Turrets
  m_TagString: Untagged
  m_Icon: {fileID: 0}
  m_NavMeshLayer: 0
  m_StaticEditorFlags: 0
  m_IsActive: 1
--- !u!4 &4137844919189684483
Transform:
  m_ObjectHideFlags: 0
  m_CorrespondingSourceObject: {fileID: 0}
  m_PrefabInstance: {fileID: 0}
  m_PrefabAsset: {fileID: 0}
  m_GameObject: {fileID: 4137844919189684482}
  m_LocalRotation: {x: 0, y: 0, z: 0, w: 1}
  m_LocalPosition: {x: 0, y: 0, z: 0}
  m_LocalScale: {x: 1, y: 1, z: 1}
  m_Children:
  - {fileID: 7528677756078631793}
  - {fileID: 7528677756174363077}
  - {fileID: 7528677755439755350}
  - {fileID: 7528677755715586145}
  - {fileID: 7528677754891664569}
  - {fileID: 7528677755472402413}
  - {fileID: 7528677756594834686}
  - {fileID: 7528677754849748722}
  - {fileID: 7528677755359626886}
  - {fileID: 7528677755959373888}
  - {fileID: 7528677755293334855}
  - {fileID: 7528677756872366908}
  - {fileID: 7528677755675293521}
  - {fileID: 7528677754884115219}
  - {fileID: 7528677756591633140}
  - {fileID: 7528677755896901251}
  - {fileID: 7528677756617641072}
  - {fileID: 7528677756224211576}
  m_Father: {fileID: 4137844917724926019}
  m_RootOrder: 4
  m_LocalEulerAnglesHint: {x: 0, y: 0, z: 0}
--- !u!1001 &4137844917625427296
PrefabInstance:
  m_ObjectHideFlags: 0
  serializedVersion: 2
  m_Modification:
    m_TransformParent: {fileID: 4137844919189684483}
    m_Modifications:
    - target: {fileID: 5843324310148686386, guid: c40c3e70494aca148bb6ee7bb883dd40,
        type: 3}
      propertyPath: m_Name
      value: Turret (12)
      objectReference: {fileID: 0}
    - target: {fileID: 5843324310148686385, guid: c40c3e70494aca148bb6ee7bb883dd40,
        type: 3}
      propertyPath: m_LocalPosition.x
      value: 2.046
      objectReference: {fileID: 0}
    - target: {fileID: 5843324310148686385, guid: c40c3e70494aca148bb6ee7bb883dd40,
        type: 3}
      propertyPath: m_LocalPosition.y
      value: -0.513
      objectReference: {fileID: 0}
    - target: {fileID: 5843324310148686385, guid: c40c3e70494aca148bb6ee7bb883dd40,
        type: 3}
      propertyPath: m_LocalPosition.z
      value: 4.48
      objectReference: {fileID: 0}
    - target: {fileID: 5843324310148686385, guid: c40c3e70494aca148bb6ee7bb883dd40,
        type: 3}
      propertyPath: m_LocalRotation.x
      value: 0.7071068
      objectReference: {fileID: 0}
    - target: {fileID: 5843324310148686385, guid: c40c3e70494aca148bb6ee7bb883dd40,
        type: 3}
      propertyPath: m_LocalRotation.y
      value: 0
      objectReference: {fileID: 0}
    - target: {fileID: 5843324310148686385, guid: c40c3e70494aca148bb6ee7bb883dd40,
        type: 3}
      propertyPath: m_LocalRotation.z
      value: 0.7071068
      objectReference: {fileID: 0}
    - target: {fileID: 5843324310148686385, guid: c40c3e70494aca148bb6ee7bb883dd40,
        type: 3}
      propertyPath: m_LocalRotation.w
      value: 0
      objectReference: {fileID: 0}
    - target: {fileID: 5843324310148686385, guid: c40c3e70494aca148bb6ee7bb883dd40,
        type: 3}
      propertyPath: m_RootOrder
      value: 12
      objectReference: {fileID: 0}
    - target: {fileID: 5843324310148686385, guid: c40c3e70494aca148bb6ee7bb883dd40,
        type: 3}
      propertyPath: m_LocalEulerAnglesHint.x
      value: 0
      objectReference: {fileID: 0}
    - target: {fileID: 5843324310148686385, guid: c40c3e70494aca148bb6ee7bb883dd40,
        type: 3}
      propertyPath: m_LocalEulerAnglesHint.y
      value: 90
      objectReference: {fileID: 0}
    - target: {fileID: 5843324310148686385, guid: c40c3e70494aca148bb6ee7bb883dd40,
        type: 3}
      propertyPath: m_LocalEulerAnglesHint.z
      value: 180
      objectReference: {fileID: 0}
    - target: {fileID: 5843324310148686385, guid: c40c3e70494aca148bb6ee7bb883dd40,
        type: 3}
      propertyPath: m_LocalScale.x
      value: 0.05
      objectReference: {fileID: 0}
    - target: {fileID: 5843324310148686385, guid: c40c3e70494aca148bb6ee7bb883dd40,
        type: 3}
      propertyPath: m_LocalScale.y
      value: 0.05
      objectReference: {fileID: 0}
    - target: {fileID: 5843324310148686385, guid: c40c3e70494aca148bb6ee7bb883dd40,
        type: 3}
      propertyPath: m_LocalScale.z
      value: 0.05
      objectReference: {fileID: 0}
    m_RemovedComponents: []
  m_SourcePrefab: {fileID: 100100000, guid: c40c3e70494aca148bb6ee7bb883dd40, type: 3}
--- !u!4 &7528677755675293521 stripped
Transform:
  m_CorrespondingSourceObject: {fileID: 5843324310148686385, guid: c40c3e70494aca148bb6ee7bb883dd40,
    type: 3}
  m_PrefabInstance: {fileID: 4137844917625427296}
  m_PrefabAsset: {fileID: 0}
--- !u!1001 &4137844917781211728
PrefabInstance:
  m_ObjectHideFlags: 0
  serializedVersion: 2
  m_Modification:
    m_TransformParent: {fileID: 4137844919189684483}
    m_Modifications:
    - target: {fileID: 5843324310148686386, guid: c40c3e70494aca148bb6ee7bb883dd40,
        type: 3}
      propertyPath: m_Name
      value: Turret (3)
      objectReference: {fileID: 0}
    - target: {fileID: 5843324310148686385, guid: c40c3e70494aca148bb6ee7bb883dd40,
        type: 3}
      propertyPath: m_LocalPosition.x
      value: -0.9659997
      objectReference: {fileID: 0}
    - target: {fileID: 5843324310148686385, guid: c40c3e70494aca148bb6ee7bb883dd40,
        type: 3}
      propertyPath: m_LocalPosition.y
      value: 0.75
      objectReference: {fileID: 0}
    - target: {fileID: 5843324310148686385, guid: c40c3e70494aca148bb6ee7bb883dd40,
        type: 3}
      propertyPath: m_LocalPosition.z
      value: 0.9104999
      objectReference: {fileID: 0}
    - target: {fileID: 5843324310148686385, guid: c40c3e70494aca148bb6ee7bb883dd40,
        type: 3}
      propertyPath: m_LocalRotation.x
      value: -0
      objectReference: {fileID: 0}
    - target: {fileID: 5843324310148686385, guid: c40c3e70494aca148bb6ee7bb883dd40,
        type: 3}
      propertyPath: m_LocalRotation.y
      value: -0.7071068
      objectReference: {fileID: 0}
    - target: {fileID: 5843324310148686385, guid: c40c3e70494aca148bb6ee7bb883dd40,
        type: 3}
      propertyPath: m_LocalRotation.z
      value: -0
      objectReference: {fileID: 0}
    - target: {fileID: 5843324310148686385, guid: c40c3e70494aca148bb6ee7bb883dd40,
        type: 3}
      propertyPath: m_LocalRotation.w
      value: 0.7071068
      objectReference: {fileID: 0}
    - target: {fileID: 5843324310148686385, guid: c40c3e70494aca148bb6ee7bb883dd40,
        type: 3}
      propertyPath: m_RootOrder
      value: 3
      objectReference: {fileID: 0}
    - target: {fileID: 5843324310148686385, guid: c40c3e70494aca148bb6ee7bb883dd40,
        type: 3}
      propertyPath: m_LocalEulerAnglesHint.x
      value: 0
      objectReference: {fileID: 0}
    - target: {fileID: 5843324310148686385, guid: c40c3e70494aca148bb6ee7bb883dd40,
        type: 3}
      propertyPath: m_LocalEulerAnglesHint.y
      value: -90
      objectReference: {fileID: 0}
    - target: {fileID: 5843324310148686385, guid: c40c3e70494aca148bb6ee7bb883dd40,
        type: 3}
      propertyPath: m_LocalEulerAnglesHint.z
      value: 0
      objectReference: {fileID: 0}
    - target: {fileID: 5843324310148686385, guid: c40c3e70494aca148bb6ee7bb883dd40,
        type: 3}
      propertyPath: m_LocalScale.x
      value: 0.05
      objectReference: {fileID: 0}
    - target: {fileID: 5843324310148686385, guid: c40c3e70494aca148bb6ee7bb883dd40,
        type: 3}
      propertyPath: m_LocalScale.y
      value: 0.05
      objectReference: {fileID: 0}
    - target: {fileID: 5843324310148686385, guid: c40c3e70494aca148bb6ee7bb883dd40,
        type: 3}
      propertyPath: m_LocalScale.z
      value: 0.05
      objectReference: {fileID: 0}
    m_RemovedComponents: []
  m_SourcePrefab: {fileID: 100100000, guid: c40c3e70494aca148bb6ee7bb883dd40, type: 3}
--- !u!4 &7528677755715586145 stripped
Transform:
  m_CorrespondingSourceObject: {fileID: 5843324310148686385, guid: c40c3e70494aca148bb6ee7bb883dd40,
    type: 3}
  m_PrefabInstance: {fileID: 4137844917781211728}
  m_PrefabAsset: {fileID: 0}
--- !u!1001 &4137844917869847735
PrefabInstance:
  m_ObjectHideFlags: 0
  serializedVersion: 2
  m_Modification:
    m_TransformParent: {fileID: 4137844919189684483}
    m_Modifications:
    - target: {fileID: 5843324310148686386, guid: c40c3e70494aca148bb6ee7bb883dd40,
        type: 3}
      propertyPath: m_Name
      value: Turret (8)
      objectReference: {fileID: 0}
    - target: {fileID: 5843324310148686385, guid: c40c3e70494aca148bb6ee7bb883dd40,
        type: 3}
      propertyPath: m_LocalPosition.x
      value: 0.9564001
      objectReference: {fileID: 0}
    - target: {fileID: 5843324310148686385, guid: c40c3e70494aca148bb6ee7bb883dd40,
        type: 3}
      propertyPath: m_LocalPosition.y
      value: 0.75
      objectReference: {fileID: 0}
    - target: {fileID: 5843324310148686385, guid: c40c3e70494aca148bb6ee7bb883dd40,
        type: 3}
      propertyPath: m_LocalPosition.z
      value: -2.29
      objectReference: {fileID: 0}
    - target: {fileID: 5843324310148686385, guid: c40c3e70494aca148bb6ee7bb883dd40,
        type: 3}
      propertyPath: m_LocalRotation.x
      value: -0
      objectReference: {fileID: 0}
    - target: {fileID: 5843324310148686385, guid: c40c3e70494aca148bb6ee7bb883dd40,
        type: 3}
      propertyPath: m_LocalRotation.y
      value: 0.7071068
      objectReference: {fileID: 0}
    - target: {fileID: 5843324310148686385, guid: c40c3e70494aca148bb6ee7bb883dd40,
        type: 3}
      propertyPath: m_LocalRotation.z
      value: -0
      objectReference: {fileID: 0}
    - target: {fileID: 5843324310148686385, guid: c40c3e70494aca148bb6ee7bb883dd40,
        type: 3}
      propertyPath: m_LocalRotation.w
      value: 0.7071068
      objectReference: {fileID: 0}
    - target: {fileID: 5843324310148686385, guid: c40c3e70494aca148bb6ee7bb883dd40,
        type: 3}
      propertyPath: m_RootOrder
      value: 8
      objectReference: {fileID: 0}
    - target: {fileID: 5843324310148686385, guid: c40c3e70494aca148bb6ee7bb883dd40,
        type: 3}
      propertyPath: m_LocalEulerAnglesHint.x
      value: 0
      objectReference: {fileID: 0}
    - target: {fileID: 5843324310148686385, guid: c40c3e70494aca148bb6ee7bb883dd40,
        type: 3}
      propertyPath: m_LocalEulerAnglesHint.y
      value: 90
      objectReference: {fileID: 0}
    - target: {fileID: 5843324310148686385, guid: c40c3e70494aca148bb6ee7bb883dd40,
        type: 3}
      propertyPath: m_LocalEulerAnglesHint.z
      value: 0
      objectReference: {fileID: 0}
    - target: {fileID: 5843324310148686385, guid: c40c3e70494aca148bb6ee7bb883dd40,
        type: 3}
      propertyPath: m_LocalScale.x
      value: 0.05
      objectReference: {fileID: 0}
    - target: {fileID: 5843324310148686385, guid: c40c3e70494aca148bb6ee7bb883dd40,
        type: 3}
      propertyPath: m_LocalScale.y
      value: 0.05
      objectReference: {fileID: 0}
    - target: {fileID: 5843324310148686385, guid: c40c3e70494aca148bb6ee7bb883dd40,
        type: 3}
      propertyPath: m_LocalScale.z
      value: 0.05
      objectReference: {fileID: 0}
    m_RemovedComponents: []
  m_SourcePrefab: {fileID: 100100000, guid: c40c3e70494aca148bb6ee7bb883dd40, type: 3}
--- !u!4 &7528677755359626886 stripped
Transform:
  m_CorrespondingSourceObject: {fileID: 5843324310148686385, guid: c40c3e70494aca148bb6ee7bb883dd40,
    type: 3}
  m_PrefabInstance: {fileID: 4137844917869847735}
  m_PrefabAsset: {fileID: 0}
--- !u!1001 &4137844917939855222
PrefabInstance:
  m_ObjectHideFlags: 0
  serializedVersion: 2
  m_Modification:
    m_TransformParent: {fileID: 4137844919189684483}
    m_Modifications:
    - target: {fileID: 5843324310148686386, guid: c40c3e70494aca148bb6ee7bb883dd40,
        type: 3}
      propertyPath: m_Name
      value: Turret (10)
      objectReference: {fileID: 0}
    - target: {fileID: 5843324310148686385, guid: c40c3e70494aca148bb6ee7bb883dd40,
        type: 3}
      propertyPath: m_LocalPosition.x
      value: 0.9565997
      objectReference: {fileID: 0}
    - target: {fileID: 5843324310148686385, guid: c40c3e70494aca148bb6ee7bb883dd40,
        type: 3}
      propertyPath: m_LocalPosition.y
      value: 0.75
      objectReference: {fileID: 0}
    - target: {fileID: 5843324310148686385, guid: c40c3e70494aca148bb6ee7bb883dd40,
        type: 3}
      propertyPath: m_LocalPosition.z
      value: 4.1046996
      objectReference: {fileID: 0}
    - target: {fileID: 5843324310148686385, guid: c40c3e70494aca148bb6ee7bb883dd40,
        type: 3}
      propertyPath: m_LocalRotation.x
      value: -0
      objectReference: {fileID: 0}
    - target: {fileID: 5843324310148686385, guid: c40c3e70494aca148bb6ee7bb883dd40,
        type: 3}
      propertyPath: m_LocalRotation.y
      value: 0.7071068
      objectReference: {fileID: 0}
    - target: {fileID: 5843324310148686385, guid: c40c3e70494aca148bb6ee7bb883dd40,
        type: 3}
      propertyPath: m_LocalRotation.z
      value: -0
      objectReference: {fileID: 0}
    - target: {fileID: 5843324310148686385, guid: c40c3e70494aca148bb6ee7bb883dd40,
        type: 3}
      propertyPath: m_LocalRotation.w
      value: 0.7071068
      objectReference: {fileID: 0}
    - target: {fileID: 5843324310148686385, guid: c40c3e70494aca148bb6ee7bb883dd40,
        type: 3}
      propertyPath: m_RootOrder
      value: 10
      objectReference: {fileID: 0}
    - target: {fileID: 5843324310148686385, guid: c40c3e70494aca148bb6ee7bb883dd40,
        type: 3}
      propertyPath: m_LocalEulerAnglesHint.x
      value: 0
      objectReference: {fileID: 0}
    - target: {fileID: 5843324310148686385, guid: c40c3e70494aca148bb6ee7bb883dd40,
        type: 3}
      propertyPath: m_LocalEulerAnglesHint.y
      value: 90
      objectReference: {fileID: 0}
    - target: {fileID: 5843324310148686385, guid: c40c3e70494aca148bb6ee7bb883dd40,
        type: 3}
      propertyPath: m_LocalEulerAnglesHint.z
      value: 0
      objectReference: {fileID: 0}
    - target: {fileID: 5843324310148686385, guid: c40c3e70494aca148bb6ee7bb883dd40,
        type: 3}
      propertyPath: m_LocalScale.x
      value: 0.05
      objectReference: {fileID: 0}
    - target: {fileID: 5843324310148686385, guid: c40c3e70494aca148bb6ee7bb883dd40,
        type: 3}
      propertyPath: m_LocalScale.y
      value: 0.05
      objectReference: {fileID: 0}
    - target: {fileID: 5843324310148686385, guid: c40c3e70494aca148bb6ee7bb883dd40,
        type: 3}
      propertyPath: m_LocalScale.z
      value: 0.05
      objectReference: {fileID: 0}
    m_RemovedComponents: []
  m_SourcePrefab: {fileID: 100100000, guid: c40c3e70494aca148bb6ee7bb883dd40, type: 3}
--- !u!4 &7528677755293334855 stripped
Transform:
  m_CorrespondingSourceObject: {fileID: 5843324310148686385, guid: c40c3e70494aca148bb6ee7bb883dd40,
    type: 3}
  m_PrefabInstance: {fileID: 4137844917939855222}
  m_PrefabAsset: {fileID: 0}
--- !u!1001 &4137844918058881639
PrefabInstance:
  m_ObjectHideFlags: 0
  serializedVersion: 2
  m_Modification:
    m_TransformParent: {fileID: 4137844919189684483}
    m_Modifications:
    - target: {fileID: 5843324310148686386, guid: c40c3e70494aca148bb6ee7bb883dd40,
        type: 3}
      propertyPath: m_Name
      value: Turret (2)
      objectReference: {fileID: 0}
    - target: {fileID: 5843324310148686385, guid: c40c3e70494aca148bb6ee7bb883dd40,
        type: 3}
      propertyPath: m_LocalPosition.x
      value: -0.96580017
      objectReference: {fileID: 0}
    - target: {fileID: 5843324310148686385, guid: c40c3e70494aca148bb6ee7bb883dd40,
        type: 3}
      propertyPath: m_LocalPosition.y
      value: 0.75
      objectReference: {fileID: 0}
    - target: {fileID: 5843324310148686385, guid: c40c3e70494aca148bb6ee7bb883dd40,
        type: 3}
      propertyPath: m_LocalPosition.z
      value: 4.1013
      objectReference: {fileID: 0}
    - target: {fileID: 5843324310148686385, guid: c40c3e70494aca148bb6ee7bb883dd40,
        type: 3}
      propertyPath: m_LocalRotation.x
      value: -0
      objectReference: {fileID: 0}
    - target: {fileID: 5843324310148686385, guid: c40c3e70494aca148bb6ee7bb883dd40,
        type: 3}
      propertyPath: m_LocalRotation.y
      value: -0.7071068
      objectReference: {fileID: 0}
    - target: {fileID: 5843324310148686385, guid: c40c3e70494aca148bb6ee7bb883dd40,
        type: 3}
      propertyPath: m_LocalRotation.z
      value: -0
      objectReference: {fileID: 0}
    - target: {fileID: 5843324310148686385, guid: c40c3e70494aca148bb6ee7bb883dd40,
        type: 3}
      propertyPath: m_LocalRotation.w
      value: 0.7071068
      objectReference: {fileID: 0}
    - target: {fileID: 5843324310148686385, guid: c40c3e70494aca148bb6ee7bb883dd40,
        type: 3}
      propertyPath: m_RootOrder
      value: 2
      objectReference: {fileID: 0}
    - target: {fileID: 5843324310148686385, guid: c40c3e70494aca148bb6ee7bb883dd40,
        type: 3}
      propertyPath: m_LocalEulerAnglesHint.x
      value: 0
      objectReference: {fileID: 0}
    - target: {fileID: 5843324310148686385, guid: c40c3e70494aca148bb6ee7bb883dd40,
        type: 3}
      propertyPath: m_LocalEulerAnglesHint.y
      value: -90
      objectReference: {fileID: 0}
    - target: {fileID: 5843324310148686385, guid: c40c3e70494aca148bb6ee7bb883dd40,
        type: 3}
      propertyPath: m_LocalEulerAnglesHint.z
      value: 0
      objectReference: {fileID: 0}
    - target: {fileID: 5843324310148686385, guid: c40c3e70494aca148bb6ee7bb883dd40,
        type: 3}
      propertyPath: m_LocalScale.x
      value: 0.05
      objectReference: {fileID: 0}
    - target: {fileID: 5843324310148686385, guid: c40c3e70494aca148bb6ee7bb883dd40,
        type: 3}
      propertyPath: m_LocalScale.y
      value: 0.05
      objectReference: {fileID: 0}
    - target: {fileID: 5843324310148686385, guid: c40c3e70494aca148bb6ee7bb883dd40,
        type: 3}
      propertyPath: m_LocalScale.z
      value: 0.05
      objectReference: {fileID: 0}
    m_RemovedComponents: []
  m_SourcePrefab: {fileID: 100100000, guid: c40c3e70494aca148bb6ee7bb883dd40, type: 3}
--- !u!4 &7528677755439755350 stripped
Transform:
  m_CorrespondingSourceObject: {fileID: 5843324310148686385, guid: c40c3e70494aca148bb6ee7bb883dd40,
    type: 3}
  m_PrefabInstance: {fileID: 4137844918058881639}
  m_PrefabAsset: {fileID: 0}
--- !u!1001 &4137844918091544028
PrefabInstance:
  m_ObjectHideFlags: 0
  serializedVersion: 2
  m_Modification:
    m_TransformParent: {fileID: 4137844919189684483}
    m_Modifications:
    - target: {fileID: 5843324310148686386, guid: c40c3e70494aca148bb6ee7bb883dd40,
        type: 3}
      propertyPath: m_Name
      value: Turret (5)
      objectReference: {fileID: 0}
    - target: {fileID: 5843324310148686385, guid: c40c3e70494aca148bb6ee7bb883dd40,
        type: 3}
      propertyPath: m_LocalPosition.x
      value: -0.9659997
      objectReference: {fileID: 0}
    - target: {fileID: 5843324310148686385, guid: c40c3e70494aca148bb6ee7bb883dd40,
        type: 3}
      propertyPath: m_LocalPosition.y
      value: 0.75
      objectReference: {fileID: 0}
    - target: {fileID: 5843324310148686385, guid: c40c3e70494aca148bb6ee7bb883dd40,
        type: 3}
      propertyPath: m_LocalPosition.z
      value: -2.2933998
      objectReference: {fileID: 0}
    - target: {fileID: 5843324310148686385, guid: c40c3e70494aca148bb6ee7bb883dd40,
        type: 3}
      propertyPath: m_LocalRotation.x
      value: -0
      objectReference: {fileID: 0}
    - target: {fileID: 5843324310148686385, guid: c40c3e70494aca148bb6ee7bb883dd40,
        type: 3}
      propertyPath: m_LocalRotation.y
      value: -0.7071068
      objectReference: {fileID: 0}
    - target: {fileID: 5843324310148686385, guid: c40c3e70494aca148bb6ee7bb883dd40,
        type: 3}
      propertyPath: m_LocalRotation.z
      value: -0
      objectReference: {fileID: 0}
    - target: {fileID: 5843324310148686385, guid: c40c3e70494aca148bb6ee7bb883dd40,
        type: 3}
      propertyPath: m_LocalRotation.w
      value: 0.7071068
      objectReference: {fileID: 0}
    - target: {fileID: 5843324310148686385, guid: c40c3e70494aca148bb6ee7bb883dd40,
        type: 3}
      propertyPath: m_RootOrder
      value: 5
      objectReference: {fileID: 0}
    - target: {fileID: 5843324310148686385, guid: c40c3e70494aca148bb6ee7bb883dd40,
        type: 3}
      propertyPath: m_LocalEulerAnglesHint.x
      value: 0
      objectReference: {fileID: 0}
    - target: {fileID: 5843324310148686385, guid: c40c3e70494aca148bb6ee7bb883dd40,
        type: 3}
      propertyPath: m_LocalEulerAnglesHint.y
      value: -90
      objectReference: {fileID: 0}
    - target: {fileID: 5843324310148686385, guid: c40c3e70494aca148bb6ee7bb883dd40,
        type: 3}
      propertyPath: m_LocalEulerAnglesHint.z
      value: 0
      objectReference: {fileID: 0}
    - target: {fileID: 5843324310148686385, guid: c40c3e70494aca148bb6ee7bb883dd40,
        type: 3}
      propertyPath: m_LocalScale.x
      value: 0.05
      objectReference: {fileID: 0}
    - target: {fileID: 5843324310148686385, guid: c40c3e70494aca148bb6ee7bb883dd40,
        type: 3}
      propertyPath: m_LocalScale.y
      value: 0.05
      objectReference: {fileID: 0}
    - target: {fileID: 5843324310148686385, guid: c40c3e70494aca148bb6ee7bb883dd40,
        type: 3}
      propertyPath: m_LocalScale.z
      value: 0.05
      objectReference: {fileID: 0}
    m_RemovedComponents: []
  m_SourcePrefab: {fileID: 100100000, guid: c40c3e70494aca148bb6ee7bb883dd40, type: 3}
--- !u!4 &7528677755472402413 stripped
Transform:
  m_CorrespondingSourceObject: {fileID: 5843324310148686385, guid: c40c3e70494aca148bb6ee7bb883dd40,
    type: 3}
  m_PrefabInstance: {fileID: 4137844918091544028}
  m_PrefabAsset: {fileID: 0}
--- !u!1001 &4137844918215691130
PrefabInstance:
  m_ObjectHideFlags: 0
  serializedVersion: 2
  m_Modification:
    m_TransformParent: {fileID: 4137844917724926019}
    m_Modifications:
    - target: {fileID: 100000, guid: c3b6bc5169ca5434594113081d6c88c7, type: 3}
      propertyPath: m_Name
      value: additional
      objectReference: {fileID: 0}
    - target: {fileID: 400000, guid: c3b6bc5169ca5434594113081d6c88c7, type: 3}
      propertyPath: m_LocalPosition.x
      value: 0
      objectReference: {fileID: 0}
    - target: {fileID: 400000, guid: c3b6bc5169ca5434594113081d6c88c7, type: 3}
      propertyPath: m_LocalPosition.y
      value: 0
      objectReference: {fileID: 0}
    - target: {fileID: 400000, guid: c3b6bc5169ca5434594113081d6c88c7, type: 3}
      propertyPath: m_LocalPosition.z
      value: 0
      objectReference: {fileID: 0}
    - target: {fileID: 400000, guid: c3b6bc5169ca5434594113081d6c88c7, type: 3}
      propertyPath: m_LocalRotation.x
      value: 0.000000021855694
      objectReference: {fileID: 0}
    - target: {fileID: 400000, guid: c3b6bc5169ca5434594113081d6c88c7, type: 3}
      propertyPath: m_LocalRotation.y
      value: 0.00000008742278
      objectReference: {fileID: 0}
    - target: {fileID: 400000, guid: c3b6bc5169ca5434594113081d6c88c7, type: 3}
      propertyPath: m_LocalRotation.z
      value: -1.9106855e-15
      objectReference: {fileID: 0}
    - target: {fileID: 400000, guid: c3b6bc5169ca5434594113081d6c88c7, type: 3}
      propertyPath: m_LocalRotation.w
      value: 1
      objectReference: {fileID: 0}
    - target: {fileID: 400000, guid: c3b6bc5169ca5434594113081d6c88c7, type: 3}
      propertyPath: m_RootOrder
      value: 1
      objectReference: {fileID: 0}
    - target: {fileID: 400000, guid: c3b6bc5169ca5434594113081d6c88c7, type: 3}
      propertyPath: m_LocalEulerAnglesHint.x
      value: 0
      objectReference: {fileID: 0}
    - target: {fileID: 400000, guid: c3b6bc5169ca5434594113081d6c88c7, type: 3}
      propertyPath: m_LocalEulerAnglesHint.y
      value: 0
      objectReference: {fileID: 0}
    - target: {fileID: 400000, guid: c3b6bc5169ca5434594113081d6c88c7, type: 3}
      propertyPath: m_LocalEulerAnglesHint.z
      value: 0
      objectReference: {fileID: 0}
    - target: {fileID: 2300000, guid: c3b6bc5169ca5434594113081d6c88c7, type: 3}
      propertyPath: m_Materials.Array.data[0]
      value: 
      objectReference: {fileID: 2100000, guid: 8aedc696b0e5726449f60fae5105c81a, type: 2}
    m_RemovedComponents: []
  m_SourcePrefab: {fileID: 100100000, guid: c3b6bc5169ca5434594113081d6c88c7, type: 3}
--- !u!4 &4137844918215299578 stripped
Transform:
  m_CorrespondingSourceObject: {fileID: 400000, guid: c3b6bc5169ca5434594113081d6c88c7,
    type: 3}
  m_PrefabInstance: {fileID: 4137844918215691130}
  m_PrefabAsset: {fileID: 0}
--- !u!23 &4137844918213530394 stripped
MeshRenderer:
  m_CorrespondingSourceObject: {fileID: 2300000, guid: c3b6bc5169ca5434594113081d6c88c7,
    type: 3}
  m_PrefabInstance: {fileID: 4137844918215691130}
  m_PrefabAsset: {fileID: 0}
--- !u!1001 &4137844918450472131
PrefabInstance:
  m_ObjectHideFlags: 0
  serializedVersion: 2
  m_Modification:
    m_TransformParent: {fileID: 4137844919189684483}
    m_Modifications:
    - target: {fileID: 5843324310148686386, guid: c40c3e70494aca148bb6ee7bb883dd40,
        type: 3}
      propertyPath: m_Name
      value: Turret (7)
      objectReference: {fileID: 0}
    - target: {fileID: 5843324310148686385, guid: c40c3e70494aca148bb6ee7bb883dd40,
        type: 3}
      propertyPath: m_LocalPosition.x
      value: 0.9564001
      objectReference: {fileID: 0}
    - target: {fileID: 5843324310148686385, guid: c40c3e70494aca148bb6ee7bb883dd40,
        type: 3}
      propertyPath: m_LocalPosition.y
      value: 0.75
      objectReference: {fileID: 0}
    - target: {fileID: 5843324310148686385, guid: c40c3e70494aca148bb6ee7bb883dd40,
        type: 3}
      propertyPath: m_LocalPosition.z
      value: 0.91389996
      objectReference: {fileID: 0}
    - target: {fileID: 5843324310148686385, guid: c40c3e70494aca148bb6ee7bb883dd40,
        type: 3}
      propertyPath: m_LocalRotation.x
      value: -0
      objectReference: {fileID: 0}
    - target: {fileID: 5843324310148686385, guid: c40c3e70494aca148bb6ee7bb883dd40,
        type: 3}
      propertyPath: m_LocalRotation.y
      value: 0.7071068
      objectReference: {fileID: 0}
    - target: {fileID: 5843324310148686385, guid: c40c3e70494aca148bb6ee7bb883dd40,
        type: 3}
      propertyPath: m_LocalRotation.z
      value: -0
      objectReference: {fileID: 0}
    - target: {fileID: 5843324310148686385, guid: c40c3e70494aca148bb6ee7bb883dd40,
        type: 3}
      propertyPath: m_LocalRotation.w
      value: 0.7071068
      objectReference: {fileID: 0}
    - target: {fileID: 5843324310148686385, guid: c40c3e70494aca148bb6ee7bb883dd40,
        type: 3}
      propertyPath: m_RootOrder
      value: 7
      objectReference: {fileID: 0}
    - target: {fileID: 5843324310148686385, guid: c40c3e70494aca148bb6ee7bb883dd40,
        type: 3}
      propertyPath: m_LocalEulerAnglesHint.x
      value: 0
      objectReference: {fileID: 0}
    - target: {fileID: 5843324310148686385, guid: c40c3e70494aca148bb6ee7bb883dd40,
        type: 3}
      propertyPath: m_LocalEulerAnglesHint.y
      value: 90
      objectReference: {fileID: 0}
    - target: {fileID: 5843324310148686385, guid: c40c3e70494aca148bb6ee7bb883dd40,
        type: 3}
      propertyPath: m_LocalEulerAnglesHint.z
      value: 0
      objectReference: {fileID: 0}
    - target: {fileID: 5843324310148686385, guid: c40c3e70494aca148bb6ee7bb883dd40,
        type: 3}
      propertyPath: m_LocalScale.x
      value: 0.05
      objectReference: {fileID: 0}
    - target: {fileID: 5843324310148686385, guid: c40c3e70494aca148bb6ee7bb883dd40,
        type: 3}
      propertyPath: m_LocalScale.y
      value: 0.05
      objectReference: {fileID: 0}
    - target: {fileID: 5843324310148686385, guid: c40c3e70494aca148bb6ee7bb883dd40,
        type: 3}
      propertyPath: m_LocalScale.z
      value: 0.05
      objectReference: {fileID: 0}
    m_RemovedComponents: []
  m_SourcePrefab: {fileID: 100100000, guid: c40c3e70494aca148bb6ee7bb883dd40, type: 3}
--- !u!4 &7528677754849748722 stripped
Transform:
  m_CorrespondingSourceObject: {fileID: 5843324310148686385, guid: c40c3e70494aca148bb6ee7bb883dd40,
    type: 3}
  m_PrefabInstance: {fileID: 4137844918450472131}
  m_PrefabAsset: {fileID: 0}
--- !u!1001 &4137844918609698440
PrefabInstance:
  m_ObjectHideFlags: 0
  serializedVersion: 2
  m_Modification:
    m_TransformParent: {fileID: 4137844919189684483}
    m_Modifications:
    - target: {fileID: 5843324310148686386, guid: c40c3e70494aca148bb6ee7bb883dd40,
        type: 3}
      propertyPath: m_Name
      value: Turret (4)
      objectReference: {fileID: 0}
    - target: {fileID: 5843324310148686385, guid: c40c3e70494aca148bb6ee7bb883dd40,
        type: 3}
      propertyPath: m_LocalPosition.x
      value: -0.9659997
      objectReference: {fileID: 0}
    - target: {fileID: 5843324310148686385, guid: c40c3e70494aca148bb6ee7bb883dd40,
        type: 3}
      propertyPath: m_LocalPosition.y
      value: 0.75
      objectReference: {fileID: 0}
    - target: {fileID: 5843324310148686385, guid: c40c3e70494aca148bb6ee7bb883dd40,
        type: 3}
      propertyPath: m_LocalPosition.z
      value: -1.0258
      objectReference: {fileID: 0}
    - target: {fileID: 5843324310148686385, guid: c40c3e70494aca148bb6ee7bb883dd40,
        type: 3}
      propertyPath: m_LocalRotation.x
      value: -0
      objectReference: {fileID: 0}
    - target: {fileID: 5843324310148686385, guid: c40c3e70494aca148bb6ee7bb883dd40,
        type: 3}
      propertyPath: m_LocalRotation.y
      value: -0.7071068
      objectReference: {fileID: 0}
    - target: {fileID: 5843324310148686385, guid: c40c3e70494aca148bb6ee7bb883dd40,
        type: 3}
      propertyPath: m_LocalRotation.z
      value: -0
      objectReference: {fileID: 0}
    - target: {fileID: 5843324310148686385, guid: c40c3e70494aca148bb6ee7bb883dd40,
        type: 3}
      propertyPath: m_LocalRotation.w
      value: 0.7071068
      objectReference: {fileID: 0}
    - target: {fileID: 5843324310148686385, guid: c40c3e70494aca148bb6ee7bb883dd40,
        type: 3}
      propertyPath: m_RootOrder
      value: 4
      objectReference: {fileID: 0}
    - target: {fileID: 5843324310148686385, guid: c40c3e70494aca148bb6ee7bb883dd40,
        type: 3}
      propertyPath: m_LocalEulerAnglesHint.x
      value: 0
      objectReference: {fileID: 0}
    - target: {fileID: 5843324310148686385, guid: c40c3e70494aca148bb6ee7bb883dd40,
        type: 3}
      propertyPath: m_LocalEulerAnglesHint.y
      value: -90
      objectReference: {fileID: 0}
    - target: {fileID: 5843324310148686385, guid: c40c3e70494aca148bb6ee7bb883dd40,
        type: 3}
      propertyPath: m_LocalEulerAnglesHint.z
      value: 0
      objectReference: {fileID: 0}
    - target: {fileID: 5843324310148686385, guid: c40c3e70494aca148bb6ee7bb883dd40,
        type: 3}
      propertyPath: m_LocalScale.x
      value: 0.05
      objectReference: {fileID: 0}
    - target: {fileID: 5843324310148686385, guid: c40c3e70494aca148bb6ee7bb883dd40,
        type: 3}
      propertyPath: m_LocalScale.y
      value: 0.05
      objectReference: {fileID: 0}
    - target: {fileID: 5843324310148686385, guid: c40c3e70494aca148bb6ee7bb883dd40,
        type: 3}
      propertyPath: m_LocalScale.z
      value: 0.05
      objectReference: {fileID: 0}
    m_RemovedComponents: []
  m_SourcePrefab: {fileID: 100100000, guid: c40c3e70494aca148bb6ee7bb883dd40, type: 3}
--- !u!4 &7528677754891664569 stripped
Transform:
  m_CorrespondingSourceObject: {fileID: 5843324310148686385, guid: c40c3e70494aca148bb6ee7bb883dd40,
    type: 3}
  m_PrefabInstance: {fileID: 4137844918609698440}
  m_PrefabAsset: {fileID: 0}
--- !u!1001 &4137844918612781346
PrefabInstance:
  m_ObjectHideFlags: 0
  serializedVersion: 2
  m_Modification:
    m_TransformParent: {fileID: 4137844919189684483}
    m_Modifications:
    - target: {fileID: 5843324310148686386, guid: c40c3e70494aca148bb6ee7bb883dd40,
        type: 3}
      propertyPath: m_Name
      value: Turret (13)
      objectReference: {fileID: 0}
    - target: {fileID: 5843324310148686385, guid: c40c3e70494aca148bb6ee7bb883dd40,
        type: 3}
      propertyPath: m_LocalPosition.x
      value: 3.321
      objectReference: {fileID: 0}
    - target: {fileID: 5843324310148686385, guid: c40c3e70494aca148bb6ee7bb883dd40,
        type: 3}
      propertyPath: m_LocalPosition.y
      value: -0.3857
      objectReference: {fileID: 0}
    - target: {fileID: 5843324310148686385, guid: c40c3e70494aca148bb6ee7bb883dd40,
        type: 3}
      propertyPath: m_LocalPosition.z
      value: -4.419
      objectReference: {fileID: 0}
    - target: {fileID: 5843324310148686385, guid: c40c3e70494aca148bb6ee7bb883dd40,
        type: 3}
      propertyPath: m_LocalRotation.x
      value: 0.7071068
      objectReference: {fileID: 0}
    - target: {fileID: 5843324310148686385, guid: c40c3e70494aca148bb6ee7bb883dd40,
        type: 3}
      propertyPath: m_LocalRotation.y
      value: 0
      objectReference: {fileID: 0}
    - target: {fileID: 5843324310148686385, guid: c40c3e70494aca148bb6ee7bb883dd40,
        type: 3}
      propertyPath: m_LocalRotation.z
      value: 0.7071068
      objectReference: {fileID: 0}
    - target: {fileID: 5843324310148686385, guid: c40c3e70494aca148bb6ee7bb883dd40,
        type: 3}
      propertyPath: m_LocalRotation.w
      value: 0
      objectReference: {fileID: 0}
    - target: {fileID: 5843324310148686385, guid: c40c3e70494aca148bb6ee7bb883dd40,
        type: 3}
      propertyPath: m_RootOrder
      value: 13
      objectReference: {fileID: 0}
    - target: {fileID: 5843324310148686385, guid: c40c3e70494aca148bb6ee7bb883dd40,
        type: 3}
      propertyPath: m_LocalEulerAnglesHint.x
      value: 0
      objectReference: {fileID: 0}
    - target: {fileID: 5843324310148686385, guid: c40c3e70494aca148bb6ee7bb883dd40,
        type: 3}
      propertyPath: m_LocalEulerAnglesHint.y
      value: 90
      objectReference: {fileID: 0}
    - target: {fileID: 5843324310148686385, guid: c40c3e70494aca148bb6ee7bb883dd40,
        type: 3}
      propertyPath: m_LocalEulerAnglesHint.z
      value: 180
      objectReference: {fileID: 0}
    - target: {fileID: 5843324310148686385, guid: c40c3e70494aca148bb6ee7bb883dd40,
        type: 3}
      propertyPath: m_LocalScale.x
      value: 0.05
      objectReference: {fileID: 0}
    - target: {fileID: 5843324310148686385, guid: c40c3e70494aca148bb6ee7bb883dd40,
        type: 3}
      propertyPath: m_LocalScale.y
      value: 0.05
      objectReference: {fileID: 0}
    - target: {fileID: 5843324310148686385, guid: c40c3e70494aca148bb6ee7bb883dd40,
        type: 3}
      propertyPath: m_LocalScale.z
      value: 0.05
      objectReference: {fileID: 0}
    m_RemovedComponents: []
  m_SourcePrefab: {fileID: 100100000, guid: c40c3e70494aca148bb6ee7bb883dd40, type: 3}
--- !u!4 &7528677754884115219 stripped
Transform:
  m_CorrespondingSourceObject: {fileID: 5843324310148686385, guid: c40c3e70494aca148bb6ee7bb883dd40,
    type: 3}
  m_PrefabInstance: {fileID: 4137844918612781346}
  m_PrefabAsset: {fileID: 0}
--- !u!1001 &4137844918839294221
PrefabInstance:
  m_ObjectHideFlags: 0
  serializedVersion: 2
  m_Modification:
    m_TransformParent: {fileID: 4137844919189684483}
    m_Modifications:
    - target: {fileID: 5843324310148686386, guid: c40c3e70494aca148bb6ee7bb883dd40,
        type: 3}
      propertyPath: m_Name
      value: Turret (11)
      objectReference: {fileID: 0}
    - target: {fileID: 5843324310148686385, guid: c40c3e70494aca148bb6ee7bb883dd40,
        type: 3}
      propertyPath: m_LocalPosition.x
      value: 0.9564001
      objectReference: {fileID: 0}
    - target: {fileID: 5843324310148686385, guid: c40c3e70494aca148bb6ee7bb883dd40,
        type: 3}
      propertyPath: m_LocalPosition.y
      value: 0.75
      objectReference: {fileID: 0}
    - target: {fileID: 5843324310148686385, guid: c40c3e70494aca148bb6ee7bb883dd40,
        type: 3}
      propertyPath: m_LocalPosition.z
      value: -1.0224
      objectReference: {fileID: 0}
    - target: {fileID: 5843324310148686385, guid: c40c3e70494aca148bb6ee7bb883dd40,
        type: 3}
      propertyPath: m_LocalRotation.x
      value: -0
      objectReference: {fileID: 0}
    - target: {fileID: 5843324310148686385, guid: c40c3e70494aca148bb6ee7bb883dd40,
        type: 3}
      propertyPath: m_LocalRotation.y
      value: 0.7071068
      objectReference: {fileID: 0}
    - target: {fileID: 5843324310148686385, guid: c40c3e70494aca148bb6ee7bb883dd40,
        type: 3}
      propertyPath: m_LocalRotation.z
      value: -0
      objectReference: {fileID: 0}
    - target: {fileID: 5843324310148686385, guid: c40c3e70494aca148bb6ee7bb883dd40,
        type: 3}
      propertyPath: m_LocalRotation.w
      value: 0.7071068
      objectReference: {fileID: 0}
    - target: {fileID: 5843324310148686385, guid: c40c3e70494aca148bb6ee7bb883dd40,
        type: 3}
      propertyPath: m_RootOrder
      value: 11
      objectReference: {fileID: 0}
    - target: {fileID: 5843324310148686385, guid: c40c3e70494aca148bb6ee7bb883dd40,
        type: 3}
      propertyPath: m_LocalEulerAnglesHint.x
      value: 0
      objectReference: {fileID: 0}
    - target: {fileID: 5843324310148686385, guid: c40c3e70494aca148bb6ee7bb883dd40,
        type: 3}
      propertyPath: m_LocalEulerAnglesHint.y
      value: 90
      objectReference: {fileID: 0}
    - target: {fileID: 5843324310148686385, guid: c40c3e70494aca148bb6ee7bb883dd40,
        type: 3}
      propertyPath: m_LocalEulerAnglesHint.z
      value: 0
      objectReference: {fileID: 0}
    - target: {fileID: 5843324310148686385, guid: c40c3e70494aca148bb6ee7bb883dd40,
        type: 3}
      propertyPath: m_LocalScale.x
      value: 0.05
      objectReference: {fileID: 0}
    - target: {fileID: 5843324310148686385, guid: c40c3e70494aca148bb6ee7bb883dd40,
        type: 3}
      propertyPath: m_LocalScale.y
      value: 0.05
      objectReference: {fileID: 0}
    - target: {fileID: 5843324310148686385, guid: c40c3e70494aca148bb6ee7bb883dd40,
        type: 3}
      propertyPath: m_LocalScale.z
      value: 0.05
      objectReference: {fileID: 0}
    m_RemovedComponents: []
  m_SourcePrefab: {fileID: 100100000, guid: c40c3e70494aca148bb6ee7bb883dd40, type: 3}
--- !u!4 &7528677756872366908 stripped
Transform:
  m_CorrespondingSourceObject: {fileID: 5843324310148686385, guid: c40c3e70494aca148bb6ee7bb883dd40,
    type: 3}
  m_PrefabInstance: {fileID: 4137844918839294221}
  m_PrefabAsset: {fileID: 0}
--- !u!1001 &4137844919094308417
PrefabInstance:
  m_ObjectHideFlags: 0
  serializedVersion: 2
  m_Modification:
    m_TransformParent: {fileID: 4137844919189684483}
    m_Modifications:
    - target: {fileID: 5843324310148686386, guid: c40c3e70494aca148bb6ee7bb883dd40,
        type: 3}
      propertyPath: m_Name
      value: Turret (16)
      objectReference: {fileID: 0}
    - target: {fileID: 5843324310148686385, guid: c40c3e70494aca148bb6ee7bb883dd40,
        type: 3}
      propertyPath: m_LocalPosition.x
      value: -1.7092024
      objectReference: {fileID: 0}
    - target: {fileID: 5843324310148686385, guid: c40c3e70494aca148bb6ee7bb883dd40,
        type: 3}
      propertyPath: m_LocalPosition.y
      value: -0.5925001
      objectReference: {fileID: 0}
    - target: {fileID: 5843324310148686385, guid: c40c3e70494aca148bb6ee7bb883dd40,
        type: 3}
      propertyPath: m_LocalPosition.z
      value: -0.29899976
      objectReference: {fileID: 0}
    - target: {fileID: 5843324310148686385, guid: c40c3e70494aca148bb6ee7bb883dd40,
        type: 3}
      propertyPath: m_LocalRotation.x
      value: -0.7071068
      objectReference: {fileID: 0}
    - target: {fileID: 5843324310148686385, guid: c40c3e70494aca148bb6ee7bb883dd40,
        type: 3}
      propertyPath: m_LocalRotation.y
      value: -0
      objectReference: {fileID: 0}
    - target: {fileID: 5843324310148686385, guid: c40c3e70494aca148bb6ee7bb883dd40,
        type: 3}
      propertyPath: m_LocalRotation.z
      value: 0.7071068
      objectReference: {fileID: 0}
    - target: {fileID: 5843324310148686385, guid: c40c3e70494aca148bb6ee7bb883dd40,
        type: 3}
      propertyPath: m_LocalRotation.w
      value: 0
      objectReference: {fileID: 0}
    - target: {fileID: 5843324310148686385, guid: c40c3e70494aca148bb6ee7bb883dd40,
        type: 3}
      propertyPath: m_RootOrder
      value: 16
      objectReference: {fileID: 0}
    - target: {fileID: 5843324310148686385, guid: c40c3e70494aca148bb6ee7bb883dd40,
        type: 3}
      propertyPath: m_LocalEulerAnglesHint.x
      value: 0
      objectReference: {fileID: 0}
    - target: {fileID: 5843324310148686385, guid: c40c3e70494aca148bb6ee7bb883dd40,
        type: 3}
      propertyPath: m_LocalEulerAnglesHint.y
      value: -90
      objectReference: {fileID: 0}
    - target: {fileID: 5843324310148686385, guid: c40c3e70494aca148bb6ee7bb883dd40,
        type: 3}
      propertyPath: m_LocalEulerAnglesHint.z
      value: 180
      objectReference: {fileID: 0}
    - target: {fileID: 5843324310148686385, guid: c40c3e70494aca148bb6ee7bb883dd40,
        type: 3}
      propertyPath: m_LocalScale.x
      value: 0.05
      objectReference: {fileID: 0}
    - target: {fileID: 5843324310148686385, guid: c40c3e70494aca148bb6ee7bb883dd40,
        type: 3}
      propertyPath: m_LocalScale.y
      value: 0.05
      objectReference: {fileID: 0}
    - target: {fileID: 5843324310148686385, guid: c40c3e70494aca148bb6ee7bb883dd40,
        type: 3}
      propertyPath: m_LocalScale.z
      value: 0.05
      objectReference: {fileID: 0}
    m_RemovedComponents: []
  m_SourcePrefab: {fileID: 100100000, guid: c40c3e70494aca148bb6ee7bb883dd40, type: 3}
--- !u!4 &7528677756617641072 stripped
Transform:
  m_CorrespondingSourceObject: {fileID: 5843324310148686385, guid: c40c3e70494aca148bb6ee7bb883dd40,
    type: 3}
  m_PrefabInstance: {fileID: 4137844919094308417}
  m_PrefabAsset: {fileID: 0}
--- !u!1001 &4137844919120580805
PrefabInstance:
  m_ObjectHideFlags: 0
  serializedVersion: 2
  m_Modification:
    m_TransformParent: {fileID: 4137844919189684483}
    m_Modifications:
    - target: {fileID: 5843324310148686386, guid: c40c3e70494aca148bb6ee7bb883dd40,
        type: 3}
      propertyPath: m_Name
      value: Turret (14)
      objectReference: {fileID: 0}
    - target: {fileID: 5843324310148686385, guid: c40c3e70494aca148bb6ee7bb883dd40,
        type: 3}
      propertyPath: m_LocalPosition.x
      value: 1.6968
      objectReference: {fileID: 0}
    - target: {fileID: 5843324310148686385, guid: c40c3e70494aca148bb6ee7bb883dd40,
        type: 3}
      propertyPath: m_LocalPosition.y
      value: -0.5882
      objectReference: {fileID: 0}
    - target: {fileID: 5843324310148686385, guid: c40c3e70494aca148bb6ee7bb883dd40,
        type: 3}
      propertyPath: m_LocalPosition.z
      value: -0.298
      objectReference: {fileID: 0}
    - target: {fileID: 5843324310148686385, guid: c40c3e70494aca148bb6ee7bb883dd40,
        type: 3}
      propertyPath: m_LocalRotation.x
      value: 0.7071068
      objectReference: {fileID: 0}
    - target: {fileID: 5843324310148686385, guid: c40c3e70494aca148bb6ee7bb883dd40,
        type: 3}
      propertyPath: m_LocalRotation.y
      value: 0
      objectReference: {fileID: 0}
    - target: {fileID: 5843324310148686385, guid: c40c3e70494aca148bb6ee7bb883dd40,
        type: 3}
      propertyPath: m_LocalRotation.z
      value: 0.7071068
      objectReference: {fileID: 0}
    - target: {fileID: 5843324310148686385, guid: c40c3e70494aca148bb6ee7bb883dd40,
        type: 3}
      propertyPath: m_LocalRotation.w
      value: 0
      objectReference: {fileID: 0}
    - target: {fileID: 5843324310148686385, guid: c40c3e70494aca148bb6ee7bb883dd40,
        type: 3}
      propertyPath: m_RootOrder
      value: 14
      objectReference: {fileID: 0}
    - target: {fileID: 5843324310148686385, guid: c40c3e70494aca148bb6ee7bb883dd40,
        type: 3}
      propertyPath: m_LocalEulerAnglesHint.x
      value: 0
      objectReference: {fileID: 0}
    - target: {fileID: 5843324310148686385, guid: c40c3e70494aca148bb6ee7bb883dd40,
        type: 3}
      propertyPath: m_LocalEulerAnglesHint.y
      value: 90
      objectReference: {fileID: 0}
    - target: {fileID: 5843324310148686385, guid: c40c3e70494aca148bb6ee7bb883dd40,
        type: 3}
      propertyPath: m_LocalEulerAnglesHint.z
      value: 180
      objectReference: {fileID: 0}
    - target: {fileID: 5843324310148686385, guid: c40c3e70494aca148bb6ee7bb883dd40,
        type: 3}
      propertyPath: m_LocalScale.x
      value: 0.05
      objectReference: {fileID: 0}
    - target: {fileID: 5843324310148686385, guid: c40c3e70494aca148bb6ee7bb883dd40,
        type: 3}
      propertyPath: m_LocalScale.y
      value: 0.05
      objectReference: {fileID: 0}
    - target: {fileID: 5843324310148686385, guid: c40c3e70494aca148bb6ee7bb883dd40,
        type: 3}
      propertyPath: m_LocalScale.z
      value: 0.05
      objectReference: {fileID: 0}
    m_RemovedComponents: []
  m_SourcePrefab: {fileID: 100100000, guid: c40c3e70494aca148bb6ee7bb883dd40, type: 3}
--- !u!4 &7528677756591633140 stripped
Transform:
  m_CorrespondingSourceObject: {fileID: 5843324310148686385, guid: c40c3e70494aca148bb6ee7bb883dd40,
    type: 3}
  m_PrefabInstance: {fileID: 4137844919120580805}
  m_PrefabAsset: {fileID: 0}
--- !u!1001 &4137844919121833679
PrefabInstance:
  m_ObjectHideFlags: 0
  serializedVersion: 2
  m_Modification:
    m_TransformParent: {fileID: 4137844919189684483}
    m_Modifications:
    - target: {fileID: 5843324310148686386, guid: c40c3e70494aca148bb6ee7bb883dd40,
        type: 3}
      propertyPath: m_Name
      value: Turret (6)
      objectReference: {fileID: 0}
    - target: {fileID: 5843324310148686385, guid: c40c3e70494aca148bb6ee7bb883dd40,
        type: 3}
      propertyPath: m_LocalPosition.x
      value: 0.9565997
      objectReference: {fileID: 0}
    - target: {fileID: 5843324310148686385, guid: c40c3e70494aca148bb6ee7bb883dd40,
        type: 3}
      propertyPath: m_LocalPosition.y
      value: 0.75
      objectReference: {fileID: 0}
    - target: {fileID: 5843324310148686385, guid: c40c3e70494aca148bb6ee7bb883dd40,
        type: 3}
      propertyPath: m_LocalPosition.z
      value: 3.0404
      objectReference: {fileID: 0}
    - target: {fileID: 5843324310148686385, guid: c40c3e70494aca148bb6ee7bb883dd40,
        type: 3}
      propertyPath: m_LocalRotation.x
      value: -0
      objectReference: {fileID: 0}
    - target: {fileID: 5843324310148686385, guid: c40c3e70494aca148bb6ee7bb883dd40,
        type: 3}
      propertyPath: m_LocalRotation.y
      value: 0.7071068
      objectReference: {fileID: 0}
    - target: {fileID: 5843324310148686385, guid: c40c3e70494aca148bb6ee7bb883dd40,
        type: 3}
      propertyPath: m_LocalRotation.z
      value: -0
      objectReference: {fileID: 0}
    - target: {fileID: 5843324310148686385, guid: c40c3e70494aca148bb6ee7bb883dd40,
        type: 3}
      propertyPath: m_LocalRotation.w
      value: 0.7071068
      objectReference: {fileID: 0}
    - target: {fileID: 5843324310148686385, guid: c40c3e70494aca148bb6ee7bb883dd40,
        type: 3}
      propertyPath: m_RootOrder
      value: 6
      objectReference: {fileID: 0}
    - target: {fileID: 5843324310148686385, guid: c40c3e70494aca148bb6ee7bb883dd40,
        type: 3}
      propertyPath: m_LocalEulerAnglesHint.x
      value: 0
      objectReference: {fileID: 0}
    - target: {fileID: 5843324310148686385, guid: c40c3e70494aca148bb6ee7bb883dd40,
        type: 3}
      propertyPath: m_LocalEulerAnglesHint.y
      value: 90
      objectReference: {fileID: 0}
    - target: {fileID: 5843324310148686385, guid: c40c3e70494aca148bb6ee7bb883dd40,
        type: 3}
      propertyPath: m_LocalEulerAnglesHint.z
      value: 0
      objectReference: {fileID: 0}
    - target: {fileID: 5843324310148686385, guid: c40c3e70494aca148bb6ee7bb883dd40,
        type: 3}
      propertyPath: m_LocalScale.x
      value: 0.05
      objectReference: {fileID: 0}
    - target: {fileID: 5843324310148686385, guid: c40c3e70494aca148bb6ee7bb883dd40,
        type: 3}
      propertyPath: m_LocalScale.y
      value: 0.05
      objectReference: {fileID: 0}
    - target: {fileID: 5843324310148686385, guid: c40c3e70494aca148bb6ee7bb883dd40,
        type: 3}
      propertyPath: m_LocalScale.z
      value: 0.05
      objectReference: {fileID: 0}
    m_RemovedComponents: []
  m_SourcePrefab: {fileID: 100100000, guid: c40c3e70494aca148bb6ee7bb883dd40, type: 3}
--- !u!4 &7528677756594834686 stripped
Transform:
  m_CorrespondingSourceObject: {fileID: 5843324310148686385, guid: c40c3e70494aca148bb6ee7bb883dd40,
    type: 3}
  m_PrefabInstance: {fileID: 4137844919121833679}
  m_PrefabAsset: {fileID: 0}
--- !u!1001 &4137844919123263059
PrefabInstance:
  m_ObjectHideFlags: 0
  serializedVersion: 2
  m_Modification:
    m_TransformParent: {fileID: 4137844917724926019}
    m_Modifications:
    - target: {fileID: 100000, guid: 4df07262dacbee147a87b4d6d6b71ca6, type: 3}
      propertyPath: m_Name
      value: station_full
      objectReference: {fileID: 0}
    - target: {fileID: 400000, guid: 4df07262dacbee147a87b4d6d6b71ca6, type: 3}
      propertyPath: m_LocalPosition.x
      value: 0
      objectReference: {fileID: 0}
    - target: {fileID: 400000, guid: 4df07262dacbee147a87b4d6d6b71ca6, type: 3}
      propertyPath: m_LocalPosition.y
      value: 0
      objectReference: {fileID: 0}
    - target: {fileID: 400000, guid: 4df07262dacbee147a87b4d6d6b71ca6, type: 3}
      propertyPath: m_LocalPosition.z
      value: 0
      objectReference: {fileID: 0}
    - target: {fileID: 400000, guid: 4df07262dacbee147a87b4d6d6b71ca6, type: 3}
      propertyPath: m_LocalRotation.x
      value: -0
      objectReference: {fileID: 0}
    - target: {fileID: 400000, guid: 4df07262dacbee147a87b4d6d6b71ca6, type: 3}
      propertyPath: m_LocalRotation.y
      value: -0
      objectReference: {fileID: 0}
    - target: {fileID: 400000, guid: 4df07262dacbee147a87b4d6d6b71ca6, type: 3}
      propertyPath: m_LocalRotation.z
      value: -0
      objectReference: {fileID: 0}
    - target: {fileID: 400000, guid: 4df07262dacbee147a87b4d6d6b71ca6, type: 3}
      propertyPath: m_LocalRotation.w
      value: 1
      objectReference: {fileID: 0}
    - target: {fileID: 400000, guid: 4df07262dacbee147a87b4d6d6b71ca6, type: 3}
      propertyPath: m_RootOrder
      value: 0
      objectReference: {fileID: 0}
    - target: {fileID: 400000, guid: 4df07262dacbee147a87b4d6d6b71ca6, type: 3}
      propertyPath: m_LocalEulerAnglesHint.x
      value: 0
      objectReference: {fileID: 0}
    - target: {fileID: 400000, guid: 4df07262dacbee147a87b4d6d6b71ca6, type: 3}
      propertyPath: m_LocalEulerAnglesHint.y
      value: 0
      objectReference: {fileID: 0}
    - target: {fileID: 400000, guid: 4df07262dacbee147a87b4d6d6b71ca6, type: 3}
      propertyPath: m_LocalEulerAnglesHint.z
      value: 0
      objectReference: {fileID: 0}
    - target: {fileID: 2300000, guid: 4df07262dacbee147a87b4d6d6b71ca6, type: 3}
      propertyPath: m_Materials.Array.data[0]
      value: 
      objectReference: {fileID: 2100000, guid: 85a92124ec6951d459ad2bb615d91496, type: 2}
    m_RemovedComponents: []
  m_SourcePrefab: {fileID: 100100000, guid: 4df07262dacbee147a87b4d6d6b71ca6, type: 3}
--- !u!23 &4137844919120963123 stripped
MeshRenderer:
  m_CorrespondingSourceObject: {fileID: 2300000, guid: 4df07262dacbee147a87b4d6d6b71ca6,
    type: 3}
  m_PrefabInstance: {fileID: 4137844919123263059}
  m_PrefabAsset: {fileID: 0}
--- !u!4 &4137844919122863315 stripped
Transform:
  m_CorrespondingSourceObject: {fileID: 400000, guid: 4df07262dacbee147a87b4d6d6b71ca6,
    type: 3}
  m_PrefabInstance: {fileID: 4137844919123263059}
  m_PrefabAsset: {fileID: 0}
--- !u!1001 &4137844919206759412
PrefabInstance:
  m_ObjectHideFlags: 0
  serializedVersion: 2
  m_Modification:
    m_TransformParent: {fileID: 4137844919189684483}
    m_Modifications:
    - target: {fileID: 5843324310148686386, guid: c40c3e70494aca148bb6ee7bb883dd40,
        type: 3}
      propertyPath: m_Name
      value: Turret (1)
      objectReference: {fileID: 0}
    - target: {fileID: 5843324310148686385, guid: c40c3e70494aca148bb6ee7bb883dd40,
        type: 3}
      propertyPath: m_LocalPosition.x
      value: -0.96580017
      objectReference: {fileID: 0}
    - target: {fileID: 5843324310148686385, guid: c40c3e70494aca148bb6ee7bb883dd40,
        type: 3}
      propertyPath: m_LocalPosition.y
      value: 0.75
      objectReference: {fileID: 0}
    - target: {fileID: 5843324310148686385, guid: c40c3e70494aca148bb6ee7bb883dd40,
        type: 3}
      propertyPath: m_LocalPosition.z
      value: 3.0369997
      objectReference: {fileID: 0}
    - target: {fileID: 5843324310148686385, guid: c40c3e70494aca148bb6ee7bb883dd40,
        type: 3}
      propertyPath: m_LocalRotation.x
      value: -0
      objectReference: {fileID: 0}
    - target: {fileID: 5843324310148686385, guid: c40c3e70494aca148bb6ee7bb883dd40,
        type: 3}
      propertyPath: m_LocalRotation.y
      value: -0.7071068
      objectReference: {fileID: 0}
    - target: {fileID: 5843324310148686385, guid: c40c3e70494aca148bb6ee7bb883dd40,
        type: 3}
      propertyPath: m_LocalRotation.z
      value: -0
      objectReference: {fileID: 0}
    - target: {fileID: 5843324310148686385, guid: c40c3e70494aca148bb6ee7bb883dd40,
        type: 3}
      propertyPath: m_LocalRotation.w
      value: 0.7071068
      objectReference: {fileID: 0}
    - target: {fileID: 5843324310148686385, guid: c40c3e70494aca148bb6ee7bb883dd40,
        type: 3}
      propertyPath: m_RootOrder
      value: 1
      objectReference: {fileID: 0}
    - target: {fileID: 5843324310148686385, guid: c40c3e70494aca148bb6ee7bb883dd40,
        type: 3}
      propertyPath: m_LocalEulerAnglesHint.x
      value: 0
      objectReference: {fileID: 0}
    - target: {fileID: 5843324310148686385, guid: c40c3e70494aca148bb6ee7bb883dd40,
        type: 3}
      propertyPath: m_LocalEulerAnglesHint.y
      value: -90
      objectReference: {fileID: 0}
    - target: {fileID: 5843324310148686385, guid: c40c3e70494aca148bb6ee7bb883dd40,
        type: 3}
      propertyPath: m_LocalEulerAnglesHint.z
      value: 0
      objectReference: {fileID: 0}
    - target: {fileID: 5843324310148686385, guid: c40c3e70494aca148bb6ee7bb883dd40,
        type: 3}
      propertyPath: m_LocalScale.x
      value: 0.05
      objectReference: {fileID: 0}
    - target: {fileID: 5843324310148686385, guid: c40c3e70494aca148bb6ee7bb883dd40,
        type: 3}
      propertyPath: m_LocalScale.y
      value: 0.05
      objectReference: {fileID: 0}
    - target: {fileID: 5843324310148686385, guid: c40c3e70494aca148bb6ee7bb883dd40,
        type: 3}
      propertyPath: m_LocalScale.z
      value: 0.05
      objectReference: {fileID: 0}
    m_RemovedComponents: []
  m_SourcePrefab: {fileID: 100100000, guid: c40c3e70494aca148bb6ee7bb883dd40, type: 3}
--- !u!4 &7528677756174363077 stripped
Transform:
  m_CorrespondingSourceObject: {fileID: 5843324310148686385, guid: c40c3e70494aca148bb6ee7bb883dd40,
    type: 3}
  m_PrefabInstance: {fileID: 4137844919206759412}
  m_PrefabAsset: {fileID: 0}
--- !u!1001 &4137844919424264265
PrefabInstance:
  m_ObjectHideFlags: 0
  serializedVersion: 2
  m_Modification:
    m_TransformParent: {fileID: 4137844919189684483}
    m_Modifications:
    - target: {fileID: 5843324310148686386, guid: c40c3e70494aca148bb6ee7bb883dd40,
        type: 3}
      propertyPath: m_Name
      value: Turret (17)
      objectReference: {fileID: 0}
    - target: {fileID: 5843324310148686385, guid: c40c3e70494aca148bb6ee7bb883dd40,
        type: 3}
      propertyPath: m_LocalPosition.x
      value: -3.3508
      objectReference: {fileID: 0}
    - target: {fileID: 5843324310148686385, guid: c40c3e70494aca148bb6ee7bb883dd40,
        type: 3}
      propertyPath: m_LocalPosition.y
      value: -0.39
      objectReference: {fileID: 0}
    - target: {fileID: 5843324310148686385, guid: c40c3e70494aca148bb6ee7bb883dd40,
        type: 3}
      propertyPath: m_LocalPosition.z
      value: -4.42
      objectReference: {fileID: 0}
    - target: {fileID: 5843324310148686385, guid: c40c3e70494aca148bb6ee7bb883dd40,
        type: 3}
      propertyPath: m_LocalRotation.x
      value: -0.7071068
      objectReference: {fileID: 0}
    - target: {fileID: 5843324310148686385, guid: c40c3e70494aca148bb6ee7bb883dd40,
        type: 3}
      propertyPath: m_LocalRotation.y
      value: -0
      objectReference: {fileID: 0}
    - target: {fileID: 5843324310148686385, guid: c40c3e70494aca148bb6ee7bb883dd40,
        type: 3}
      propertyPath: m_LocalRotation.z
      value: 0.7071068
      objectReference: {fileID: 0}
    - target: {fileID: 5843324310148686385, guid: c40c3e70494aca148bb6ee7bb883dd40,
        type: 3}
      propertyPath: m_LocalRotation.w
      value: 0
      objectReference: {fileID: 0}
    - target: {fileID: 5843324310148686385, guid: c40c3e70494aca148bb6ee7bb883dd40,
        type: 3}
      propertyPath: m_RootOrder
      value: 17
      objectReference: {fileID: 0}
    - target: {fileID: 5843324310148686385, guid: c40c3e70494aca148bb6ee7bb883dd40,
        type: 3}
      propertyPath: m_LocalEulerAnglesHint.x
      value: 0
      objectReference: {fileID: 0}
    - target: {fileID: 5843324310148686385, guid: c40c3e70494aca148bb6ee7bb883dd40,
        type: 3}
      propertyPath: m_LocalEulerAnglesHint.y
      value: -90
      objectReference: {fileID: 0}
    - target: {fileID: 5843324310148686385, guid: c40c3e70494aca148bb6ee7bb883dd40,
        type: 3}
      propertyPath: m_LocalEulerAnglesHint.z
      value: 180
      objectReference: {fileID: 0}
    - target: {fileID: 5843324310148686385, guid: c40c3e70494aca148bb6ee7bb883dd40,
        type: 3}
      propertyPath: m_LocalScale.x
      value: 0.05
      objectReference: {fileID: 0}
    - target: {fileID: 5843324310148686385, guid: c40c3e70494aca148bb6ee7bb883dd40,
        type: 3}
      propertyPath: m_LocalScale.y
      value: 0.05
      objectReference: {fileID: 0}
    - target: {fileID: 5843324310148686385, guid: c40c3e70494aca148bb6ee7bb883dd40,
        type: 3}
      propertyPath: m_LocalScale.z
      value: 0.05
      objectReference: {fileID: 0}
    m_RemovedComponents: []
  m_SourcePrefab: {fileID: 100100000, guid: c40c3e70494aca148bb6ee7bb883dd40, type: 3}
--- !u!4 &7528677756224211576 stripped
Transform:
  m_CorrespondingSourceObject: {fileID: 5843324310148686385, guid: c40c3e70494aca148bb6ee7bb883dd40,
    type: 3}
  m_PrefabInstance: {fileID: 4137844919424264265}
  m_PrefabAsset: {fileID: 0}
--- !u!1001 &4137844919480847538
PrefabInstance:
  m_ObjectHideFlags: 0
  serializedVersion: 2
  m_Modification:
    m_TransformParent: {fileID: 4137844919189684483}
    m_Modifications:
    - target: {fileID: 5843324310148686386, guid: c40c3e70494aca148bb6ee7bb883dd40,
        type: 3}
      propertyPath: m_Name
      value: Turret (15)
      objectReference: {fileID: 0}
    - target: {fileID: 5843324310148686385, guid: c40c3e70494aca148bb6ee7bb883dd40,
        type: 3}
      propertyPath: m_LocalPosition.x
      value: -2.0514
      objectReference: {fileID: 0}
    - target: {fileID: 5843324310148686385, guid: c40c3e70494aca148bb6ee7bb883dd40,
        type: 3}
      propertyPath: m_LocalPosition.y
      value: -0.517
      objectReference: {fileID: 0}
    - target: {fileID: 5843324310148686385, guid: c40c3e70494aca148bb6ee7bb883dd40,
        type: 3}
      propertyPath: m_LocalPosition.z
      value: 4.479
      objectReference: {fileID: 0}
    - target: {fileID: 5843324310148686385, guid: c40c3e70494aca148bb6ee7bb883dd40,
        type: 3}
      propertyPath: m_LocalRotation.x
      value: -0.7071068
      objectReference: {fileID: 0}
    - target: {fileID: 5843324310148686385, guid: c40c3e70494aca148bb6ee7bb883dd40,
        type: 3}
      propertyPath: m_LocalRotation.y
      value: -0
      objectReference: {fileID: 0}
    - target: {fileID: 5843324310148686385, guid: c40c3e70494aca148bb6ee7bb883dd40,
        type: 3}
      propertyPath: m_LocalRotation.z
      value: 0.7071068
      objectReference: {fileID: 0}
    - target: {fileID: 5843324310148686385, guid: c40c3e70494aca148bb6ee7bb883dd40,
        type: 3}
      propertyPath: m_LocalRotation.w
      value: 0
      objectReference: {fileID: 0}
    - target: {fileID: 5843324310148686385, guid: c40c3e70494aca148bb6ee7bb883dd40,
        type: 3}
      propertyPath: m_RootOrder
      value: 15
      objectReference: {fileID: 0}
    - target: {fileID: 5843324310148686385, guid: c40c3e70494aca148bb6ee7bb883dd40,
        type: 3}
      propertyPath: m_LocalEulerAnglesHint.x
      value: 0
      objectReference: {fileID: 0}
    - target: {fileID: 5843324310148686385, guid: c40c3e70494aca148bb6ee7bb883dd40,
        type: 3}
      propertyPath: m_LocalEulerAnglesHint.y
      value: -90
      objectReference: {fileID: 0}
    - target: {fileID: 5843324310148686385, guid: c40c3e70494aca148bb6ee7bb883dd40,
        type: 3}
      propertyPath: m_LocalEulerAnglesHint.z
      value: 180
      objectReference: {fileID: 0}
    - target: {fileID: 5843324310148686385, guid: c40c3e70494aca148bb6ee7bb883dd40,
        type: 3}
      propertyPath: m_LocalScale.x
      value: 0.05
      objectReference: {fileID: 0}
    - target: {fileID: 5843324310148686385, guid: c40c3e70494aca148bb6ee7bb883dd40,
        type: 3}
      propertyPath: m_LocalScale.y
      value: 0.05
      objectReference: {fileID: 0}
    - target: {fileID: 5843324310148686385, guid: c40c3e70494aca148bb6ee7bb883dd40,
        type: 3}
      propertyPath: m_LocalScale.z
      value: 0.05
      objectReference: {fileID: 0}
    m_RemovedComponents: []
  m_SourcePrefab: {fileID: 100100000, guid: c40c3e70494aca148bb6ee7bb883dd40, type: 3}
--- !u!4 &7528677755896901251 stripped
Transform:
  m_CorrespondingSourceObject: {fileID: 5843324310148686385, guid: c40c3e70494aca148bb6ee7bb883dd40,
    type: 3}
  m_PrefabInstance: {fileID: 4137844919480847538}
  m_PrefabAsset: {fileID: 0}
--- !u!1001 &4137844919620107149
PrefabInstance:
  m_ObjectHideFlags: 0
  serializedVersion: 2
  m_Modification:
    m_TransformParent: {fileID: 4137844917724926019}
    m_Modifications:
    - target: {fileID: 100000, guid: 8350bc68215edbc4ea05bd533c36c912, type: 3}
      propertyPath: m_Name
      value: station_lod
      objectReference: {fileID: 0}
    - target: {fileID: 400000, guid: 8350bc68215edbc4ea05bd533c36c912, type: 3}
      propertyPath: m_LocalPosition.x
      value: 0
      objectReference: {fileID: 0}
    - target: {fileID: 400000, guid: 8350bc68215edbc4ea05bd533c36c912, type: 3}
      propertyPath: m_LocalPosition.y
      value: 0
      objectReference: {fileID: 0}
    - target: {fileID: 400000, guid: 8350bc68215edbc4ea05bd533c36c912, type: 3}
      propertyPath: m_LocalPosition.z
      value: 0
      objectReference: {fileID: 0}
    - target: {fileID: 400000, guid: 8350bc68215edbc4ea05bd533c36c912, type: 3}
      propertyPath: m_LocalRotation.x
      value: -0
      objectReference: {fileID: 0}
    - target: {fileID: 400000, guid: 8350bc68215edbc4ea05bd533c36c912, type: 3}
      propertyPath: m_LocalRotation.y
      value: -0
      objectReference: {fileID: 0}
    - target: {fileID: 400000, guid: 8350bc68215edbc4ea05bd533c36c912, type: 3}
      propertyPath: m_LocalRotation.z
      value: -0
      objectReference: {fileID: 0}
    - target: {fileID: 400000, guid: 8350bc68215edbc4ea05bd533c36c912, type: 3}
      propertyPath: m_LocalRotation.w
      value: 1
      objectReference: {fileID: 0}
    - target: {fileID: 400000, guid: 8350bc68215edbc4ea05bd533c36c912, type: 3}
      propertyPath: m_RootOrder
      value: 2
      objectReference: {fileID: 0}
    - target: {fileID: 400000, guid: 8350bc68215edbc4ea05bd533c36c912, type: 3}
      propertyPath: m_LocalEulerAnglesHint.x
      value: 0
      objectReference: {fileID: 0}
    - target: {fileID: 400000, guid: 8350bc68215edbc4ea05bd533c36c912, type: 3}
      propertyPath: m_LocalEulerAnglesHint.y
      value: 0
      objectReference: {fileID: 0}
    - target: {fileID: 400000, guid: 8350bc68215edbc4ea05bd533c36c912, type: 3}
      propertyPath: m_LocalEulerAnglesHint.z
      value: 0
      objectReference: {fileID: 0}
    - target: {fileID: 2300000, guid: 8350bc68215edbc4ea05bd533c36c912, type: 3}
      propertyPath: m_CastShadows
      value: 0
      objectReference: {fileID: 0}
    m_RemovedComponents: []
  m_SourcePrefab: {fileID: 100100000, guid: 8350bc68215edbc4ea05bd533c36c912, type: 3}
--- !u!23 &4137844919622394861 stripped
MeshRenderer:
  m_CorrespondingSourceObject: {fileID: 2300000, guid: 8350bc68215edbc4ea05bd533c36c912,
    type: 3}
  m_PrefabInstance: {fileID: 4137844919620107149}
  m_PrefabAsset: {fileID: 0}
--- !u!4 &4137844919619969293 stripped
Transform:
  m_CorrespondingSourceObject: {fileID: 400000, guid: 8350bc68215edbc4ea05bd533c36c912,
    type: 3}
  m_PrefabInstance: {fileID: 4137844919620107149}
  m_PrefabAsset: {fileID: 0}
--- !u!1001 &4137844919637281088
PrefabInstance:
  m_ObjectHideFlags: 0
  serializedVersion: 2
  m_Modification:
    m_TransformParent: {fileID: 4137844919189684483}
    m_Modifications:
    - target: {fileID: 5843324310148686386, guid: c40c3e70494aca148bb6ee7bb883dd40,
        type: 3}
      propertyPath: m_Name
      value: Turret
      objectReference: {fileID: 0}
    - target: {fileID: 5843324310148686385, guid: c40c3e70494aca148bb6ee7bb883dd40,
        type: 3}
      propertyPath: m_LocalPosition.x
      value: -0.96580017
      objectReference: {fileID: 0}
    - target: {fileID: 5843324310148686385, guid: c40c3e70494aca148bb6ee7bb883dd40,
        type: 3}
      propertyPath: m_LocalPosition.y
      value: 0.75
      objectReference: {fileID: 0}
    - target: {fileID: 5843324310148686385, guid: c40c3e70494aca148bb6ee7bb883dd40,
        type: 3}
      propertyPath: m_LocalPosition.z
      value: 2.0064
      objectReference: {fileID: 0}
    - target: {fileID: 5843324310148686385, guid: c40c3e70494aca148bb6ee7bb883dd40,
        type: 3}
      propertyPath: m_LocalRotation.x
      value: -0
      objectReference: {fileID: 0}
    - target: {fileID: 5843324310148686385, guid: c40c3e70494aca148bb6ee7bb883dd40,
        type: 3}
      propertyPath: m_LocalRotation.y
      value: -0.7071068
      objectReference: {fileID: 0}
    - target: {fileID: 5843324310148686385, guid: c40c3e70494aca148bb6ee7bb883dd40,
        type: 3}
      propertyPath: m_LocalRotation.z
      value: -0
      objectReference: {fileID: 0}
    - target: {fileID: 5843324310148686385, guid: c40c3e70494aca148bb6ee7bb883dd40,
        type: 3}
      propertyPath: m_LocalRotation.w
      value: 0.7071068
      objectReference: {fileID: 0}
    - target: {fileID: 5843324310148686385, guid: c40c3e70494aca148bb6ee7bb883dd40,
        type: 3}
      propertyPath: m_RootOrder
      value: 0
      objectReference: {fileID: 0}
    - target: {fileID: 5843324310148686385, guid: c40c3e70494aca148bb6ee7bb883dd40,
        type: 3}
      propertyPath: m_LocalEulerAnglesHint.x
      value: 0
      objectReference: {fileID: 0}
    - target: {fileID: 5843324310148686385, guid: c40c3e70494aca148bb6ee7bb883dd40,
        type: 3}
      propertyPath: m_LocalEulerAnglesHint.y
      value: -90
      objectReference: {fileID: 0}
    - target: {fileID: 5843324310148686385, guid: c40c3e70494aca148bb6ee7bb883dd40,
        type: 3}
      propertyPath: m_LocalEulerAnglesHint.z
      value: 0
      objectReference: {fileID: 0}
    - target: {fileID: 5843324310148686385, guid: c40c3e70494aca148bb6ee7bb883dd40,
        type: 3}
      propertyPath: m_LocalScale.x
      value: 0.05
      objectReference: {fileID: 0}
    - target: {fileID: 5843324310148686385, guid: c40c3e70494aca148bb6ee7bb883dd40,
        type: 3}
      propertyPath: m_LocalScale.y
      value: 0.05
      objectReference: {fileID: 0}
    - target: {fileID: 5843324310148686385, guid: c40c3e70494aca148bb6ee7bb883dd40,
        type: 3}
      propertyPath: m_LocalScale.z
      value: 0.05
      objectReference: {fileID: 0}
    m_RemovedComponents: []
  m_SourcePrefab: {fileID: 100100000, guid: c40c3e70494aca148bb6ee7bb883dd40, type: 3}
--- !u!4 &7528677756078631793 stripped
Transform:
  m_CorrespondingSourceObject: {fileID: 5843324310148686385, guid: c40c3e70494aca148bb6ee7bb883dd40,
    type: 3}
  m_PrefabInstance: {fileID: 4137844919637281088}
  m_PrefabAsset: {fileID: 0}
--- !u!1001 &4137844919685796465
PrefabInstance:
  m_ObjectHideFlags: 0
  serializedVersion: 2
  m_Modification:
    m_TransformParent: {fileID: 4137844919189684483}
    m_Modifications:
    - target: {fileID: 5843324310148686386, guid: c40c3e70494aca148bb6ee7bb883dd40,
        type: 3}
      propertyPath: m_Name
      value: Turret (9)
      objectReference: {fileID: 0}
    - target: {fileID: 5843324310148686385, guid: c40c3e70494aca148bb6ee7bb883dd40,
        type: 3}
      propertyPath: m_LocalPosition.x
      value: 0.9565997
      objectReference: {fileID: 0}
    - target: {fileID: 5843324310148686385, guid: c40c3e70494aca148bb6ee7bb883dd40,
        type: 3}
      propertyPath: m_LocalPosition.y
      value: 0.75
      objectReference: {fileID: 0}
    - target: {fileID: 5843324310148686385, guid: c40c3e70494aca148bb6ee7bb883dd40,
        type: 3}
      propertyPath: m_LocalPosition.z
      value: 2.0097997
      objectReference: {fileID: 0}
    - target: {fileID: 5843324310148686385, guid: c40c3e70494aca148bb6ee7bb883dd40,
        type: 3}
      propertyPath: m_LocalRotation.x
      value: -0
      objectReference: {fileID: 0}
    - target: {fileID: 5843324310148686385, guid: c40c3e70494aca148bb6ee7bb883dd40,
        type: 3}
      propertyPath: m_LocalRotation.y
      value: 0.7071068
      objectReference: {fileID: 0}
    - target: {fileID: 5843324310148686385, guid: c40c3e70494aca148bb6ee7bb883dd40,
        type: 3}
      propertyPath: m_LocalRotation.z
      value: -0
      objectReference: {fileID: 0}
    - target: {fileID: 5843324310148686385, guid: c40c3e70494aca148bb6ee7bb883dd40,
        type: 3}
      propertyPath: m_LocalRotation.w
      value: 0.7071068
      objectReference: {fileID: 0}
    - target: {fileID: 5843324310148686385, guid: c40c3e70494aca148bb6ee7bb883dd40,
        type: 3}
      propertyPath: m_RootOrder
      value: 9
      objectReference: {fileID: 0}
    - target: {fileID: 5843324310148686385, guid: c40c3e70494aca148bb6ee7bb883dd40,
        type: 3}
      propertyPath: m_LocalEulerAnglesHint.x
      value: 0
      objectReference: {fileID: 0}
    - target: {fileID: 5843324310148686385, guid: c40c3e70494aca148bb6ee7bb883dd40,
        type: 3}
      propertyPath: m_LocalEulerAnglesHint.y
      value: 90
      objectReference: {fileID: 0}
    - target: {fileID: 5843324310148686385, guid: c40c3e70494aca148bb6ee7bb883dd40,
        type: 3}
      propertyPath: m_LocalEulerAnglesHint.z
      value: 0
      objectReference: {fileID: 0}
    - target: {fileID: 5843324310148686385, guid: c40c3e70494aca148bb6ee7bb883dd40,
        type: 3}
      propertyPath: m_LocalScale.x
      value: 0.05
      objectReference: {fileID: 0}
    - target: {fileID: 5843324310148686385, guid: c40c3e70494aca148bb6ee7bb883dd40,
        type: 3}
      propertyPath: m_LocalScale.y
      value: 0.05
      objectReference: {fileID: 0}
    - target: {fileID: 5843324310148686385, guid: c40c3e70494aca148bb6ee7bb883dd40,
        type: 3}
      propertyPath: m_LocalScale.z
      value: 0.05
      objectReference: {fileID: 0}
    m_RemovedComponents: []
  m_SourcePrefab: {fileID: 100100000, guid: c40c3e70494aca148bb6ee7bb883dd40, type: 3}
--- !u!4 &7528677755959373888 stripped
Transform:
  m_CorrespondingSourceObject: {fileID: 5843324310148686385, guid: c40c3e70494aca148bb6ee7bb883dd40,
    type: 3}
  m_PrefabInstance: {fileID: 4137844919685796465}
  m_PrefabAsset: {fileID: 0}
